% This file was created with JabRef 2.9.2.
% Encoding: Cp1252

@MISC{Github,
  author = {Github},
  title = {Github},
  howpublished = {\url{https://github.com}},
  month = {06},
  year = {2013},
  note = {aufgerufen am 11. Juni 2013},
  owner = {Ramon},
  timestamp = {2013.06.11}
}

@MISC{Postgres,
  author = {The PostgreSQL Global Development Group},
  title = {PostgreSQL},
  howpublished = {\url{http://www.postgresql.org/}},
  year = {2013},
  note = {aufgerufen 6. Juni 2013},
  owner = {Ramon},
  timestamp = {2013.06.11}
}

@MISC{IntelliJ,
  author = {JetBrains},
  title = {IntelliJ IDEA},
  howpublished = {\url{http://www.jetbrains.com/idea/}},
  month = {06},
  year = {2013},
  note = {aufgerufen am 11. Juni 2013},
  owner = {Ramon},
  timestamp = {2013.06.11}
}

@BOOK{SpringData,
  title = {Spring Data},
  publisher = {Packt Publishing},
  year = {2012},
  author = {Petri Kainulainen},
  address = {Packt Publishing Ltd
	
	Livery Place
	
	35 Livery Street
	
	Birmingham B3 2PB, UK},
  note = {ISBN 978-1-84951-904-5},
  isbn = {978-3981097788},
  owner = {Ramon}
}

@MISC{TeXnicCenter,
  author = {texniccenter.org},
  title = {TeXnicCenter},
  howpublished = {\url{http://www.texniccenter.org/}},
  year = {2013},
  note = {aufgerufen 6. Juni 2013},
  owner = {Ramon},
  timestamp = {2013.06.11}
}

